<record><leader>00000cas a2200000 a 4500</leader><controlfield tag="001">37250358</controlfield><controlfield tag="008">970707c199u9999waumr ne      0    0eng c</controlfield><datafield ind1=" " ind2=" " tag="010"><subfield code="a">sn 97047307 </subfield></datafield><datafield ind1=" " ind2=" " tag="040"><subfield code="a">WAU</subfield><subfield code="b">eng</subfield><subfield code="c">WAU</subfield><subfield code="d">OCLCQ</subfield><subfield code="d">WAU</subfield><subfield code="d">OCLCQ</subfield><subfield code="d">OCLCA</subfield><subfield code="d">OCLCQ</subfield><subfield code="d">OCLCA</subfield><subfield code="d">OCLCF</subfield></datafield><datafield ind1=" " ind2=" " tag="012"><subfield code="i">9707</subfield></datafield><datafield ind1="1" ind2=" " tag="029"><subfield code="a">AU@</subfield><subfield code="b">000013335153</subfield></datafield><datafield ind1=" " ind2=" " tag="042"><subfield code="a">pcc</subfield></datafield><datafield ind1=" " ind2=" " tag="043"><subfield code="a">n-us-wa</subfield></datafield><datafield ind1="0" ind2=" " tag="130"><subfield code="a">Squol quol (Bellingham, Wash. : 1991)</subfield></datafield><datafield ind1="1" ind2="0" tag="245"><subfield code="a">Squol quol.</subfield></datafield><datafield ind1="1" ind2="3" tag="246"><subfield code="a">Lummi Nation squol quol</subfield><subfield code="f">&lt;July 31, 1992-&gt;</subfield></datafield><datafield ind1="1" ind2="3" tag="246"><subfield code="a">SQ</subfield><subfield code="f">1997-</subfield></datafield><datafield ind1="1" ind2=" " tag="246"><subfield code="i">Some issues have title:</subfield><subfield code="a">Lummi squol quol</subfield><subfield code="f">&lt;Mar. 1, 2009-&gt;</subfield></datafield><datafield ind1=" " ind2=" " tag="260"><subfield code="a">Bellingham, WA :</subfield><subfield code="b">Communications Dept. of the Lummi Indian Business Council</subfield></datafield><datafield ind1=" " ind2=" " tag="300"><subfield code="a">volumes :</subfield><subfield code="b">illustrations ;</subfield><subfield code="c">45 cm</subfield></datafield><datafield ind1=" " ind2=" " tag="310"><subfield code="a">Monthly,</subfield><subfield code="b">Sept. 24, 1992-</subfield></datafield><datafield ind1=" " ind2=" " tag="321"><subfield code="a">Semimonthly,</subfield><subfield code="b">&lt;Oct. 25, 1991&gt;-Feb. 7, 1992</subfield></datafield><datafield ind1=" " ind2=" " tag="321"><subfield code="a">Biweekly,</subfield><subfield code="b">Feb. 21-Aug. 28, 1992</subfield></datafield><datafield ind1=" " ind2=" " tag="336"><subfield code="a">text</subfield><subfield code="b">txt</subfield><subfield code="2">rdacontent</subfield></datafield><datafield ind1=" " ind2=" " tag="337"><subfield code="a">unmediated</subfield><subfield code="b">n</subfield><subfield code="2">rdamedia</subfield></datafield><datafield ind1=" " ind2=" " tag="338"><subfield code="a">volume</subfield><subfield code="b">nc</subfield><subfield code="2">rdacarrier</subfield></datafield><datafield ind1=" " ind2=" " tag="515"><subfield code="a">Issues for &lt;Apr. 27-Aug. 1, 1996&gt; called v. &lt;96, no. 5-8&gt;</subfield></datafield><datafield ind1=" " ind2=" " tag="550"><subfield code="a">Published: Communications Dept., Lummi Indian Business Council, &lt;Oct. 25, 1991-Mar. 26, 1993&gt;; Lummi Nation Communications Dept., &lt;May&gt;-Aug. 1993; Lummi Nation Communications, Sept. 1993-</subfield></datafield><datafield ind1=" " ind2=" " tag="550"><subfield code="a">Official publication of: Lummi Nation, &lt;July 2, 1992-&gt;</subfield></datafield><datafield ind1=" " ind2=" " tag="588"><subfield code="a">Description based on: Oct. 25, 1991.</subfield></datafield><datafield ind1=" " ind2=" " tag="588"><subfield code="a">Latest issue consulted: Nov. 2009.</subfield></datafield><datafield ind1=" " ind2="0" tag="650"><subfield code="a">Lummi Indians</subfield><subfield code="v">Newspapers.</subfield></datafield><datafield ind1=" " ind2="7" tag="655"><subfield code="a">Lummi newspapers.</subfield><subfield code="2">ngl</subfield></datafield><datafield ind1=" " ind2="7" tag="655"><subfield code="a">Native American newspapers</subfield><subfield code="z">Washington (State)</subfield><subfield code="2">ngl</subfield></datafield><datafield ind1=" " ind2="7" tag="655"><subfield code="a">Newspapers.</subfield><subfield code="2">fast</subfield><subfield code="0">(OCoLC)fst01423814</subfield></datafield><datafield ind1=" " ind2="7" tag="650"><subfield code="a">Lummi Indians.</subfield><subfield code="2">fast</subfield><subfield code="0">(OCoLC)fst01003670</subfield></datafield><datafield ind1="1" ind2=" " tag="710"><subfield code="a">Lummi Tribe of the Lummi Reservation, Washington.</subfield><subfield code="b">Communications Department.</subfield></datafield><datafield ind1="1" ind2=" " tag="710"><subfield code="a">Lummi Tribe of the Lummi Reservation, Washington.</subfield></datafield><datafield ind1=" " ind2=" " tag="752"><subfield code="a">United States</subfield><subfield code="b">Washington</subfield><subfield code="c">Whatcom</subfield><subfield code="d">Bellingham.</subfield></datafield><datafield ind1="0" ind2="0" tag="780"><subfield code="t">Lummi squol quol</subfield><subfield code="w">(DLC)sn 94050944</subfield><subfield code="w">(OCoLC)20642502</subfield></datafield><datafield ind1=" " ind2=" " tag="850"><subfield code="a">WaU</subfield></datafield></record>